@inproceedings{Stewart17:IMBSA,
  author =       {Danielle Stewart and Michael Whalen and Darren Cofer and Mats P.E. Heimdahl},
  title =        {Architectural Modeling and Analysis for Safety Engineering},
  booktitle =    {{IMBSA 2017}},
  year =         "2017",
 pages =	 "97-111"
}

@inproceedings{Joshi05:Dasc,
  author =       {Anjali Joshi and Steven P. Miller and Michael Whalen and Mats P.E. Heimdahl},
  title =        {A Proposal for Model-Based Safety Analysis},
  booktitle =    {{Proceedings of 24th Digital Avionics Systems Conference}},
  year =         "2005"
}

@inproceedings{Joshi05:SafeComp,
  author =       {Anjali Joshi and Mats P.E. Heimdahl},
  title =        {Model-Based Safety Analysis of {S}imulink Models Using {SCADE} Design Verifier},
  booktitle =    {SAFECOMP},
  year =         "2005",
  volume =       "3688",
  series =       {LNCS},
  pages =        "122"
}

@inproceedings{Joshi07:Hase,
  author =       {Anjali Joshi and Mats P.E. Heimdahl},
  title =        {Behavioral Fault Modeling for Model-based Safety Analysis},
  booktitle =    {{Proceedings of the 10th IEEE High Assurance Systems Engineering Symposium (HASE)}},
  year =         "2007"
}

@inproceedings{Halbwachs91:IEEE,
  author =       {N. Halbwachs and P. Caspi and P. Raymond and D. Pilaud},
  title =        {The Synchronous Dataflow Programming Language {L}ustre},
  booktitle =    {{IEEE}},
   year =         "1991",
  volume =       "79(9)",
  pages =        "1305-1320"
}

@MISC{SRIInternational,
  author =       {{SRI International}},
  title =        {The {PVS} Specification and Verification System},
  note = "http://pvs.csl.sri.com, last accessed on 2017-10-17"
}

@MISC{WBS_EMV2_Example,
  author =       {{The Software Engineering Institute (SEI)}},
  title =        {{ARP4761} - Wheel Brake System ({WBS}) Example},
  howpublished = "\url{https://wiki.sei.cmu.edu/aadl/index.php/ARP4761_-_Wheel_Brake_System_%28WBS%29_Example}",
  urldate = {2017-09-30} 
}

@inproceedings{QFCS15:backes,
 author={Backes, John and Cofer, Darren and Miller, Steven and Whalen, Michael W.},
 title={{Requirements Analysis of a Quad-Redundant Flight Control System}},
 year={2015},
 booktitle={{NFM}},
 volume={9058},
 series={LNCS},
 pages={82-96}
}

@inproceedings{hilt2013:MuWhRaHe,
  author    = {Anitha Murugesan and Michael W. Whalen and Sanjai Rayadurgam and Mats P.E. Heimdahl},
  title     = {{Compositional Verification of a Medical Device System}},
  booktitle = {HILT 2013},
  month     = {November},
  publisher = {ACM}
}

@ARTICLE{2017arXiv171201222G,
   author = {{Gacek}, A. and {Backes}, J. and {Whalen}, M. and {Wagner}, L. and
	{Ghassabani}, E.},
    	title = {The {JK}ind Model Checker},
  	journal = {CAV 2018},
     	year = 2018,
	booktitle = {Lecture Notes in Computer Science},
	volume = {10982},
	publisher = {Springer, Chan}
	
}


@inproceedings{NFM2012:CoGaMiWhLaLu,
 author = {Darren D. Cofer and Andrew Gacek and Steven P. Miller and Michael W. Whalen and Brian LaValley and Lui Sha},
 title = {{Compositional Verification of Architectural Models}},
 booktitle = {NFM 2012},
 volume = {7226},
 location = {Norfolk, VA, USA},
 pages = {126--140},
 month = {April},
 year = {2012}
}

@MISC{IEEE:PSL,
  title = {{{IEEE} Standard for Property Specification Language (PSL)}},
  organization = {IEEE Std 1850-2005},
  year = {2005}
}

@inproceedings{FMCAD2008:HaTi,
 author = {G. Hagen and C. Tinelli},
 title = {{Scaling up the formal verification of {L}ustre programs with {SMT}-based techniques}},
 booktitle = {In Proceedings of the 8th International Conference on Formal Methods in Computer-Aided Design (FMCAD '08)},
 publisher = {IEEE},
 year = {2008}
}

@inproceedings{NFM2012:KaGaTiWh,
 author = {Temesghan Kahsai and Pierre-Loic Garoche and Cesare Tinelli and Michael Whalen},
 title = {{Incremental Verification with Mode Machine Invariants in State Machines}},
 booktitle = {Proceedings of the 4th  NASA Formal Methods Symposium (NFM 2012)},
 location = {Norfolk, VA, USA},
 month = {April},
 year = {2012}
}

@inproceedings{DBLP:conf/cav/BozzanoCPJKPRT15,
  author    = {Marco Bozzano and
               Alessandro Cimatti and
               Anthony Fernandes Pires and
               D. Jones and
               G. Kimberly and
               T. Petri and
               R. Robinson and
               Stefano Tonetta},
  title     = {Formal Design and Safety Analysis of {AIR6110} Wheel Brake System},
  booktitle = {{CAV} 2015, Proceedings, Part {I}},
  pages     = {518--535},
  year      = {2015}
}

@book{FeilerModelBasedEngineering2012,
   title = {Model-Based Engineering with {AADL}: An Introduction to the {SAE} Architecture Analysis \& Design Language},
   author={Peter Feiler and David Gluch},
   year={2012},
   publisher={Addison-Wesley Professional},
}

@MISC{AIR6110,
  author = {{AIR 6110}},
  title = {Contiguous Aircraft/System Development Process Example},
  publisher = {SAE},
  month = {Dec.},
  year={2011}
}

@MISC{AADL_Standard,
	author = {{AS5506C}},
	title = {{Architecture Analysis \& Design Language (AADL)}},
	publisher = {SAE International},
	month = {Jan.},
	year={2017}
}

@inproceedings{CAV2015:BoCiGrMa,
 author = {Marco Bozzano and Alessandro Cimatti and Alberto Griggio and Cristian Mattarei},
 title = {Efficient Anytime Techniques for Model-Based Safety Analysis},
 booktitle = {Computer Aided Verification},
 year = {2015}
}

@inproceedings{CAV2011:KwNoPa,
 author = {Marta Kwiatkowska and Gethin Norman and David Parker},
 title = {{PRiSM} 4.0: Verification of Probabilistic Real-time Systems},
 booktitle = {Proceedings of the 23rd International Conference on Computer Aided Verification (CAV '11)},
 volume = {6806 of LNCS},
 page = {585-591},
 year = {2011}
}

@TECHREPORT{EMV2,
author = {Feiler, Peter and Hudak, John and Delange, Julien and Gluch, Dave},
year = {2016},
month = {06},
title = {Architecture Fault Modeling and Analysis with the Error Model Annex, Version 2},
institution = {Software Engineering Institute},
number = {CMU/SEI-2016-TR-009}
}

@ARTICLE{info17:HaLuHo,
 author = {Hönig, Philipp and Lunde, Rüdiger and Holzapfel, Florian},
 title = {Model Based Safety Analysis with smart{I}flow},
 journal = {Information},
 volume={8},
 year = {2017},
 number ={1},
 url = {http://www.mdpi.com/2078-2489/8/1/7}
}

@article{CHEN201391,
title = {Systems Modeling with {EAST-ADL} for Fault Tree Analysis through {HiP-HOPS}*},
 author = {Chen, DeJiu and Mahmud, Nidhal and Walker, Martin and Feng, Lei and L{\"o}nn, Henrik and Papadopoulos, Yiannis},
journal = "IFAC Proceedings Volumes",
volume = "46",
number = "22",
pages = "91 - 96",
year = "2013",
note = "",
issn = "1474-6670"
}

@techreport{SEI:AADL,
 author = {Delange, Julien and Feiler, Peter and Gluch, Danid P. and Hudak, John},
 title = {{AADL} Fault Modeling and Analysis Within an {ARP4761} Safety Assessment},
 number = {CMU/SEI-2014-TR-020 },
 institution = {Software Engineering Institute: Carnegie Mellon University},
 month = {October},
 year = {2014},
 url = {http://resources.sei.cmu.edu/asset_files/technicalreport/2014_005_001_311911.pdf}
}

@MISC{SAE:ARP4761,
  author = {{SAE ARP 4761}},
  title = {Guidelines and Methods for Conducting the Safety Assessment
Process on Civil Airborne Systems and Equipment},
  publisher = {SAE International},
  month = {December},
  year={1996}
}

@MISC{SAE:ARP4754A,
	author = {{SAE ARP 4754A}},
	title = {Guidelines for Development of Civil Aircraft and Systems},
	publisher = {SAE International},
	location = {Warrendale, PA, USA},
	month = {December},
	year={2010}
}

@article{CIMATTI2015333,
	title = "Contracts-refinement proof system for component-based embedded systems",
	journal = "SCP",
	volume = "97",
	year = "2015",
	note = "SEAA ’12",
	author = "Alessandro Cimatti and Stefano Tonetta"
}


@article{Bozzano:2011:SDP:1992983.1992988,
	author = {Bozzano, Marco and Cimatti, Alessandro and Katoen, Joost-Pieter and Nguyen, Viet Yen and Noll, Thomas and Roveri, Marco},
	title = {Safety, Dependability and Performance Analysis of Extended {AADL} Models},
	journal = {Comput. J.},
	issue_date = {May 2011},
	volume = {54},
	number = {5},
	month = may,
	year = {2011},
	publisher = {Oxford University Press},
	address = {Oxford, UK},
}

@inproceedings{symbAltaRica,
	author    = {Marco Bozzano and
	Alessandro Cimatti and
	Oleg Lisagor and
	Cristian Mattarei and
	Sergio Mover and
	Marco Roveri and
	Stefano Tonetta},
	title     = {Symbolic Model Checking and Safety Assessment of {A}lta{R}ica Models},
	volume = {98},
	booktitle = {Science of Computer Programming},
	year = {2011}
}

@InProceedings{10.1007/978-3-540-75596-8-13,
	author="Bozzano, Marco
	and Cimatti, Alessandro
	and Tapparo, Francesco",
	title="Symbolic Fault Tree Analysis for Reactive Systems",
	booktitle="ATVA",
	year="2007"
}

@InProceedings{10.1007/978-3-319-11936-6-7,
	author="Bozzano, Marco
	and Cimatti, Alessandro
	and Mattarei, Cristian
	and Tonetta, Stefano",
	title="Formal Safety Assessment via Contract-Based Design",
	booktitle="Automated Technology for Verification and Analysis",
	year="2014"
}


@book{Bozzano:2010:DSA:1951720,
	author = {Bozzano, Marco and Villafiorita, Adolfo},
	title = {Design and Safety Assessment of Critical Systems},
	year = {2010},
	edition = {1st},
	publisher = {Auerbach Publications},
	address = {Boston, MA, USA},
}

@inproceedings{DBLP:conf/tacas/BittnerBCCGGMMZ16,
  author    = {Benjamin Bittner and
               Marco Bozzano and
               Roberto Cavada and
               Alessandro Cimatti and
               Marco Gario and
               Alberto Griggio and
               Cristian Mattarei and
               Andrea Micheli and
               Gianni Zampedri},
  title     = {The x{SAP} Safety Analysis Platform},
  booktitle = {{TACAS}},
  year      = {2016}
}

@INPROCEEDINGS{5979344,
author={O. Lisagor and T. Kelly and R. Niu},
booktitle={The Proceedings of 2011 9th International Conference on Reliability, Maintainability and Safety},
title={Model-based safety assessment: review of the discipline and its challenges},
year={2011}
}

@article{PROSVIRNOVA2013127,
title = {The {A}lta{R}ica 3.0 Project for Model-Based Safety Assessment},
journal = "IFAC",
volume = "46",
number = "22",
year = "2013",
author = "Tatiana Prosvirnova and Michel Batteux and Pierre-Antoine Brameret and Abraham Cherfi and Thomas Friedlhuber and Jean-Marc Roussel and Antoine Rauzy"
}

@phdthesis{prosvirnova:tel-01119730,
  TITLE = {{AltaRica 3.0: a Model-Based approach for Safety Analyses}},
  AUTHOR = {Prosvirnova, Tatiana},
  URL = {https://pastel.archives-ouvertes.fr/tel-01119730},
  SCHOOL = {{Ecole Polytechnique}},
  YEAR = {2014},
  MONTH = Nov,
  KEYWORDS = {Safety ; Reliability ; Model-Based approach ; AltaRica ; Analyse du risque ; Fiabilit{\'e} ; S{\^u}ret{\'e} de Fonctionnement ; approche orient{\'e}e mod{\`e}les},
  TYPE = {Theses},
  PDF = {https://pastel.archives-ouvertes.fr/tel-01119730/file/main.pdf}
}


@inproceedings{Gudemann:2010:FQQ:1909626.1909813,
   author = {Gudemann, Matthias and Ortmeier, Frank},
   title = {A Framework for Qualitative and Quantitative Formal Model-Based Safety Analysis},
   booktitle = {HASE 2010},
   year = {2010}
}

@inproceedings{Driscoll-Byzantine-Fault,
	author = {Driscoll, Kevin and Sivencrona, Hkan and Zumsteg, Phil},
	title =  {Byzantine Fault Tolerance, from Theory to Reality},
	booktitle =    {SAFECOMP},
	year =         "2003",
	series =       {LNCS}
}

@techreport{SATechReport,
 author = {Stewart, Danielle and Liu, Jing and Whalen, Michael and Cofer, Darren and Peterson, Michael},
 title = {Safety Annex for Architecture Analysis Design and Analysis Language},
 number = {18-007},
 institution = {University of Minnesota},
 month = {March},
 year = {2018},
 url = {https://www.cs.umn.edu/research/technical_reports/view/18-007}
}

@inproceedings{stewart2020safety,
  title = {The Safety Annex for Architecture Analysis and Design Language},
  author = {Stewart, Danielle and Liu, Jing and Heimdahl, Mats and Whalen, Michael and Cofer, Darren and Peterson, Michael},
  booktitle = {10th Edition European Congress Embedded Real Time Systems},
  year = {2020},
}

@misc{nasaFinalReport,
  author = {Stewart, Danielle and Liu, Jing and Heimdahl, Mats and Whalen, Michael and Cofer, Darren and Peterson, Michael},
  title = {Architectural Modeling and Analysis for Safety Engineering {(AMASE)}, {NASA} Final Report},
  year = {2019},
  howpublished = {\url{https://github.com/loonwerks/AMASE/tree/master/doc/AMASE_Final_Report_2019}}
}

@INPROCEEDINGS{Bieber04safetyassessment,
    author = {Pierre Bieber and Christian Bougnol and Charles Castel and Jean Pierre Heckmann and Christophe Kehren and Sylvain Metge and Christel Seguin},
    title = {Safety Assessment with {A}lta{R}ica - Lessons Learnt Based on Two Aircraft System Studies},
    booktitle = {In 18th IFIP World Computer Congress},
    year = {2004}
}

@INPROCEEDINGS{BieberERTS2018,
	author = {Pierre Bieber and Jean-Loup Farges and Xavier Pucel and Louis-Marie S{\`e}jeau and Christel Seguin},
	title = {Model Based Safety Analysis for co-assessment of operation and system safety: application to specific operations of unmanned aircraft},
	booktitle = {ERTS2},
	year = {2018}
}


@InProceedings{10.1007/978-3-642-04468-7_15,
author="Bozzano, Marco
and Cimatti, Alessandro
and Katoen, Joost-Pieter
and Nguyen, Viet Yen
and Noll, Thomas
and Roveri, Marco",
title={The {COMPASS} Approach: Correctness, Modeling and Performability of Aerospace Systems},
booktitle="Computer Safety, Reliability, and Security",
year="2009",
publisher="Springer Berlin Heidelberg"
}

@InProceedings{compass30toolset,
	author = {Bozzano, Marco and Bruintjes, Harold and Cimatti, Alessandro and Katoen, Joost-Pieter and Noll, Thomas and Tonetta, Stefano},
	title = {The {COMPASS} 3.0 Toolset (short paper)},
	booktitle =    {{IMBSA 2017}},
  	year =         "2017"
}

@Article{Cimatti2000,
author="Cimatti, Alessandro
and Clarke, Edmund
and Giunchiglia, Fausto
and Roveri, Marco",
title={{NuSMV}: a new symbolic model checker},
journal="International Journal on Software Tools for Technology Transfer",
year="2000"
}

@inproceedings{Katoen:2005:MRM:1114692.1115230,
 author = {Katoen, Joost-Pieter and Khattri, Maneesh and Zapreev, Ivan S.},
 title = {A {M}arkov Reward Model Checker},
 booktitle = {Proceedings of the Second International Conference on the Quantitative Evaluation of Systems},
 series = {QEST '05},
 year = {2005},
 publisher = {IEEE Computer Society}
} 

@article{criticalembeddedsystems,
author = {Bozzano, Marco and Cimatti, Alessandro and Katoen, Joost-Pieter and Yen Nguyen, Viet and Noll, Thomas and Roveri, Marco},
year = {2009},
title = {Model-Based Codesign of Critical Embedded Systems},
volume = {507}
}

@INPROCEEDINGS{5185388, 
author={M. Bozzano and A. Cimatti and M. Roveri and J. P. Katoen and V. Y. Nguyen and T. Noll}, 
booktitle={2009 7th IEEE/ACM International Conference on Formal Methods and Models for Co-Design}, 
title={Codesign of dependable systems: A component-based modeling language}, 
year={2009}
}

@MISC{RAT,
	title =       {{RAT}: Requirements Analysis Tool},
	note = "\url{http://rat.itc.it}, last accessed on 2017-09-30"
}

@MISC{MRMC,
	author =       {{MRMC: Markov Rewards Model Checker}},
	note = "\url{http://www.home.cs.utwente.nl/~zapreevis/mrmc/}, last accessed on 2017-09-30"
}

@MISC{NuSMV,
	author =       {{NuSMV model checker}},
	note = "\url{http://nusmv.itc.it}, last accessed on 2020-10-3"
}

@MISC{ansys,
	title =       {{Ansys Medini Tool}},
	note = "\url{https://www.ansys.com/products/systems/ansys-medini-analyze/medini-analyze-capabilities}, last accessed on 2020-11-17"
}

@MISC{COMPASSusersguide,
	author = {{COMPASS Users Manual}},
	note = "\url{http://www.compass-toolset.org/docs/compass-manual.pdf}, last accessed on 2018-01-10"
}

@misc{SAGithub,
  author = {Stewart, Danielle and Liu, Jing and Whalen, Michael and Cofer, Darren and Peterson, Michael},
  title = {Safety Annex for {AADL} Repository},
  year = {2018},
  publisher = {GitHub},
  journal = {GitHub repository},
  note = {\url{https://github.com/loonwerks/AMASE}, last accessed on 2020-10-17}
}

@MISC{RTCA:StdC,
  title = {{{RTCA/DO-178C} Software Considerations in Airborne Systems and Equipment Certification}},
  organization = {RTCA, Inc.},
  year = {2011}
}

@MISC{MathWorks,
  author =       {Math{W}orks},
  title =        {{The {M}ath{W}orks {I}nc. {S}imulink Product Web Site}},
  year = "2004",
  note = "\url{http://www.mathworks.com/products/simulink}, last accessed on 2017-09-30"
}

@article{liffiton2016fast,
  title={Fast, flexible MUS enumeration},
  author={Liffiton, Mark H and Previti, Alessandro and Malik, Ammar and Marques-Silva, Joao},
  journal={Constraints},
  volume={21},
  number={2},
  pages={223--250},
  year={2016},
  publisher={Springer}
}

@article{reiter1987theory,
  title={A theory of diagnosis from first principles},
  author={Reiter, Raymond},
  journal={Artificial intelligence},
  volume={32},
  number={1},
  pages={57--95},
  year={1987},
  publisher={Elsevier}
}

@article{de1987diagnosing,
  title={Diagnosing multiple faults},
  author={De Kleer, Johan and Williams, Brian C},
  journal={Artificial intelligence},
  volume={32},
  number={1},
  pages={97--130},
  year={1987},
  publisher={Citeseer}
}


@article{SOTERIAproject,
 author = {Siu, Kit Y. and  Herencia-Zapana, Heber and Manolios, Panagiotis and Noorman, Michael},
 title = {{Safe and Optimal Techniques Enabling Recovering, Integrity, and Assurance}},
 number = {NASA/CR-2014-000000}
}


@article{0f356f05e72f43018211b36f97c8854a,
title = "Fault tree analysis: A survey of the state-of-the-art in modeling, analysis and tools",
author = "Ruijters, {Enno Jozef Johannes} and Stoelinga, {Mari{\"e}lle Ida Antoinette}",
year = "2015",
month = "5",
day = "5",
volume = "15-16",
pages = "29--62",
journal = "Computer science review",
issn = "1574-0137",
publisher = "Elsevier Ireland Ltd"
}

@article{GhassabaniGW16,
  author    = {Elaheh Ghassabani and
               Andrew Gacek and
               Michael W. Whalen},
  title     = {Efficient Generation of Inductive Validity Cores for Safety Properties},
  journal   = {CoRR},
  volume    = {abs/1603.04276},
  year      = {2016},
  url       = {http://arxiv.org/abs/1603.04276},
  archivePrefix = {arXiv},
  eprint    = {1603.04276},
  timestamp = {Wed, 07 Jun 2017 14:42:56 +0200},
  biburl    = {https://dblp.org/rec/bib/journals/corr/GhassabaniGW16},
  bibsource = {dblp computer science bibliography, https://dblp.org}
}

@article{Ghassabani2017EfficientGO,
  title={Efficient generation of all minimal inductive validity cores},
  author={Elaheh Ghassabani and Michael W. Whalen and Andrew Gacek},
  journal={2017 Formal Methods in Computer Aided Design (FMCAD)},
  year={2017},
  pages={31-38}
}

@INPROCEEDINGS{historyFTA, 
author={Clifton Ericson}, 
booktitle={Proceedings of the 17th International Systems Safety Conference}, 
title={Fault Tree Analysis - A History}, 
year={1999}
}


@article{gainer2017minimal,
  title={The minimal hitting set generation problem: algorithms and computation},
  author={Gainer-Dewar, Andrew and Vera-Licona, Paola},
  journal={SIAM Journal on Discrete Mathematics},
  volume={31},
  number={1},
  pages={63--100},
  year={2017},
  publisher={SIAM}
}

@inproceedings{murakami2013efficient,
  title={Efficient algorithms for dualizing large-scale hypergraphs},
  author={Murakami, Keisuke and Uno, Takeaki},
  booktitle={2013 Proceedings of the Fifteenth Workshop on Algorithm Engineering and Experiments (ALENEX)},
  pages={1--13},
  year={2013},
  organization={SIAM}
}

@article{bracha1987asynchronous,
  title={Asynchronous Byzantine agreement protocols},
  author={Bracha, Gabriel},
  journal={Information and Computation},
  volume={75},
  number={2},
  pages={130--143},
  year={1987},
  publisher={Elsevier}
}

@inproceedings{bendik2018online,
  title={Online enumeration of all minimal inductive validity cores},
  author={Bend{\'\i}k, Jaroslav and Ghassabani, Elaheh and Whalen, Michael and {\v{C}}ern{\'a}, Ivana},
  booktitle={International Conference on Software Engineering and Formal Methods},
  pages={189--204},
  year={2018},
  organization={Springer}
}

@inproceedings{manolios2019model,
  title={A Model-Based Framework for Analyzing the Safety of System Architectures},
  author={Manolios, Panagiotis and Siu, Kit and Noorman, Michael and Liao, Hongwei},
  booktitle={2019 Annual Reliability and Maintainability Symposium (RAMS)},
  pages={1--8},
  year={2019},
  organization={IEEE}
}

@book{friedenthal2014practical,
  title={A practical guide to {SysML}: the systems modeling language},
  author={Friedenthal, Sanford and Moore, Alan and Steiner, Rick},
  year={2014},
  publisher={Morgan Kaufmann}
}

@inproceedings{mhenni2014automatic,
  title={Automatic fault tree generation from {SysML} system models},
  author={Mhenni, Faida and Nguyen, Nga and Choley, Jean-Yves},
  booktitle={2014 IEEE/ASME International Conference on Advanced Intelligent Mechatronics},
  pages={715--720},
  year={2014},
  organization={IEEE}
}

@inproceedings{helle2012automatic,
  title={Automatic {SysML} based safety analysis},
  author={Helle, Philipp},
  booktitle={Proceedings of the 5th International Workshop on Model Based Architecting and Construction of Embedded Systems},
  pages={19--24},
  year={2012}
}
